{
    "symbol": "AMD",
    "annualReports": [
        {
            "fiscalDateEnding": "2023-12-31",
            "reportedCurrency": "USD",
            "grossProfit": "10460000000",
            "totalRevenue": "22875000000",
            "costOfRevenue": "18025000000",
            "costofGoodsAndServicesSold": "12220000000",
            "operatingIncome": "401000000",
            "sellingGeneralAndAdministrative": "2352000000",
            "researchAndDevelopment": "5872000000",
            "operatingExpenses": "11688000000",
            "investmentIncomeNet": "None",
            "netInterestIncome": "206000000",
            "interestIncome": "312000000",
            "interestExpense": "106000000",
            "nonInterestIncome": "22669000000",
            "otherNonOperatingIncome": "197000000",
            "depreciation": "441000000",
            "depreciationAndAmortization": "3453000000",
            "incomeBeforeTax": "508000000",
            "incomeTaxExpense": "-346000000",
            "interestAndDebtExpense": "106000000",
            "netIncomeFromContinuingOperations": "854000000",
            "comprehensiveIncomeNetOfTax": "885000000",
            "ebit": "614000000",
            "ebitda": "4067000000",
            "netIncome": "854000000"
        },
        {
            "fiscalDateEnding": "2022-12-31",
            "reportedCurrency": "USD",
            "grossProfit": "10603000000",
            "totalRevenue": "23650000000",
            "costOfRevenue": "19508000000",
            "costofGoodsAndServicesSold": "12998000000",
            "operatingIncome": "1264000000",
            "sellingGeneralAndAdministrative": "2336000000",
            "researchAndDevelopment": "5005000000",
            "operatingExpenses": "11531000000",
            "investmentIncomeNet": "None",
            "netInterestIncome": "65000000",
            "interestIncome": "153000000",
            "interestExpense": "88000000",
            "nonInterestIncome": "23585000000",
            "otherNonOperatingIncome": "8000000",
            "depreciation": "439000000",
            "depreciationAndAmortization": "4174000000",
            "incomeBeforeTax": "1198000000",
            "incomeTaxExpense": "-122000000",
            "interestAndDebtExpense": "88000000",
            "netIncomeFromContinuingOperations": "1320000000",
            "comprehensiveIncomeNetOfTax": "1282000000",
            "ebit": "1286000000",
            "ebitda": "5460000000",
            "netIncome": "1320000000"
        },
        {
            "fiscalDateEnding": "2021-12-31",
            "reportedCurrency": "USD",
            "grossProfit": "7929000000",
            "totalRevenue": "16401000000",
            "costOfRevenue": "10360000000",
            "costofGoodsAndServicesSold": "8505000000",
            "operatingIncome": "3648000000",
            "sellingGeneralAndAdministrative": "1448000000",
            "researchAndDevelopment": "2845000000",
            "operatingExpenses": "4734000000",
            "investmentIncomeNet": "None",
            "netInterestIncome": "8000000",
            "interestIncome": "42000000",
            "interestExpense": "34000000",
            "nonInterestIncome": "16393000000",
            "otherNonOperatingIncome": "55000000",
            "depreciation": "296000000",
            "depreciationAndAmortization": "407000000",
            "incomeBeforeTax": "3675000000",
            "incomeTaxExpense": "513000000",
            "interestAndDebtExpense": "41000000",
            "netIncomeFromContinuingOperations": "3162000000",
            "comprehensiveIncomeNetOfTax": "3142000000",
            "ebit": "3709000000",
            "ebitda": "4116000000",
            "netIncome": "3162000000"
        },
        {
            "fiscalDateEnding": "2020-12-31",
            "reportedCurrency": "USD",
            "grossProfit": "4347000000",
            "totalRevenue": "9684000000",
            "costOfRevenue": "6723000000",
            "costofGoodsAndServicesSold": "5416000000",
            "operatingIncome": "1369000000",
            "sellingGeneralAndAdministrative": "995000000",
            "researchAndDevelopment": "1983000000",
            "operatingExpenses": "3323000000",
            "investmentIncomeNet": "None",
            "netInterestIncome": "8000000",
            "interestIncome": "55000000",
            "interestExpense": "47000000",
            "nonInterestIncome": "9676000000",
            "otherNonOperatingIncome": "-47000000",
            "depreciation": "217000000",
            "depreciationAndAmortization": "312000000",
            "incomeBeforeTax": "1280000000",
            "incomeTaxExpense": "-1210000000",
            "interestAndDebtExpense": "101000000",
            "netIncomeFromContinuingOperations": "2490000000",
            "comprehensiveIncomeNetOfTax": "2507000000",
            "ebit": "1327000000",
            "ebitda": "1639000000",
            "netIncome": "2490000000"
        },
        {
            "fiscalDateEnding": "2019-12-31",
            "reportedCurrency": "USD",
            "grossProfit": "2868000000",
            "totalRevenue": "6528000000",
            "costOfRevenue": "4613000000",
            "costofGoodsAndServicesSold": "3863000000",
            "operatingIncome": "631000000",
            "sellingGeneralAndAdministrative": "750000000",
            "researchAndDevelopment": "1547000000",
            "operatingExpenses": "2339000000",
            "investmentIncomeNet": "None",
            "netInterestIncome": "15000000",
            "interestIncome": "109000000",
            "interestExpense": "94000000",
            "nonInterestIncome": "6513000000",
            "otherNonOperatingIncome": "-165000000",
            "depreciation": "142000000",
            "depreciationAndAmortization": "222000000",
            "incomeBeforeTax": "372000000",
            "incomeTaxExpense": "31000000",
            "interestAndDebtExpense": "446000000",
            "netIncomeFromContinuingOperations": "341000000",
            "comprehensiveIncomeNetOfTax": "349000000",
            "ebit": "466000000",
            "ebitda": "688000000",
            "netIncome": "341000000"
        },
        {
            "fiscalDateEnding": "2018-12-31",
            "reportedCurrency": "USD",
            "grossProfit": "2447000000",
            "totalRevenue": "6481000000",
            "costOfRevenue": "4635000000",
            "costofGoodsAndServicesSold": "4028000000",
            "operatingIncome": "451000000",
            "sellingGeneralAndAdministrative": "562000000",
            "researchAndDevelopment": "1434000000",
            "operatingExpenses": "2068000000",
            "investmentIncomeNet": "None",
            "netInterestIncome": "18000000",
            "interestIncome": "139000000",
            "interestExpense": "121000000",
            "nonInterestIncome": "6463000000",
            "otherNonOperatingIncome": "0",
            "depreciation": "94000000",
            "depreciationAndAmortization": "170000000",
            "incomeBeforeTax": "328000000",
            "incomeTaxExpense": "-9000000",
            "interestAndDebtExpense": "121000000",
            "netIncomeFromContinuingOperations": "337000000",
            "comprehensiveIncomeNetOfTax": "325000000",
            "ebit": "449000000",
            "ebitda": "619000000",
            "netIncome": "337000000"
        },
        {
            "fiscalDateEnding": "2017-12-31",
            "reportedCurrency": "USD",
            "grossProfit": "1787000000",
            "totalRevenue": "5375000000",
            "costOfRevenue": "4017000000",
            "costofGoodsAndServicesSold": "3466000000",
            "operatingIncome": "127000000",
            "sellingGeneralAndAdministrative": "516000000",
            "researchAndDevelopment": "1196000000",
            "operatingExpenses": "1671000000",
            "investmentIncomeNet": "None",
            "netInterestIncome": "6000000",
            "interestIncome": "132000000",
            "interestExpense": "126000000",
            "nonInterestIncome": "-12000000",
            "otherNonOperatingIncome": "-9000000",
            "depreciation": "77000000",
            "depreciationAndAmortization": "144000000",
            "incomeBeforeTax": "-15000000",
            "incomeTaxExpense": "18000000",
            "interestAndDebtExpense": "138000000",
            "netIncomeFromContinuingOperations": "43000000",
            "comprehensiveIncomeNetOfTax": "-22000000",
            "ebit": "111000000",
            "ebitda": "348000000",
            "netIncome": "-33000000"
        },
        {
            "fiscalDateEnding": "2016-12-31",
            "reportedCurrency": "USD",
            "grossProfit": "1003000000",
            "totalRevenue": "4294000000",
            "costOfRevenue": "3734000000",
            "costofGoodsAndServicesSold": "3316000000",
            "operatingIncome": "-373000000",
            "sellingGeneralAndAdministrative": "466000000",
            "researchAndDevelopment": "1008000000",
            "operatingExpenses": "1468000000",
            "investmentIncomeNet": "None",
            "netInterestIncome": "2000000",
            "interestIncome": "158000000",
            "interestExpense": "156000000",
            "nonInterestIncome": "-68000000",
            "otherNonOperatingIncome": "80000000",
            "depreciation": "71000000",
            "depreciationAndAmortization": "135000000",
            "incomeBeforeTax": "-459000000",
            "incomeTaxExpense": "39000000",
            "interestAndDebtExpense": "224000000",
            "netIncomeFromContinuingOperations": "-497000000",
            "comprehensiveIncomeNetOfTax": "-495000000",
            "ebit": "-303000000",
            "ebitda": "-237000000",
            "netIncome": "-498000000"
        },
        {
            "fiscalDateEnding": "2015-12-31",
            "reportedCurrency": "USD",
            "grossProfit": "1080000000",
            "totalRevenue": "3831000000",
            "costOfRevenue": "3458000000",
            "costofGoodsAndServicesSold": "2911000000",
            "operatingIncome": "-481000000",
            "sellingGeneralAndAdministrative": "482000000",
            "researchAndDevelopment": "947000000",
            "operatingExpenses": "1494000000",
            "investmentIncomeNet": "None",
            "netInterestIncome": "0",
            "interestIncome": "160000000",
            "interestExpense": "160000000",
            "nonInterestIncome": "0",
            "otherNonOperatingIncome": "-5000000",
            "depreciation": "94000000",
            "depreciationAndAmortization": "3000000",
            "incomeBeforeTax": "-646000000",
            "incomeTaxExpense": "14000000",
            "interestAndDebtExpense": "160000000",
            "netIncomeFromContinuingOperations": "-660000000",
            "comprehensiveIncomeNetOfTax": "-663000000",
            "ebit": "-486000000",
            "ebitda": "-483000000",
            "netIncome": "-660000000"
        },
        {
            "fiscalDateEnding": "2014-12-31",
            "reportedCurrency": "USD",
            "grossProfit": "1839000000",
            "totalRevenue": "5268000000",
            "costOfRevenue": "4538000000",
            "costofGoodsAndServicesSold": "3667000000",
            "operatingIncome": "-155000000",
            "sellingGeneralAndAdministrative": "604000000",
            "researchAndDevelopment": "1072000000",
            "operatingExpenses": "1943000000",
            "investmentIncomeNet": "3000000",
            "netInterestIncome": "0",
            "interestIncome": "177000000",
            "interestExpense": "177000000",
            "nonInterestIncome": "-61000000",
            "otherNonOperatingIncome": "-66000000",
            "depreciation": "115000000",
            "depreciationAndAmortization": "203000000",
            "incomeBeforeTax": "-398000000",
            "incomeTaxExpense": "5000000",
            "interestAndDebtExpense": "238000000",
            "netIncomeFromContinuingOperations": "-403000000",
            "comprehensiveIncomeNetOfTax": "-406000000",
            "ebit": "-221000000",
            "ebitda": "-18000000",
            "netIncome": "-403000000"
        },
        {
            "fiscalDateEnding": "2013-12-31",
            "reportedCurrency": "USD",
            "grossProfit": "1978000000",
            "totalRevenue": "5088000000",
            "costOfRevenue": "4261000000",
            "costofGoodsAndServicesSold": "3321000000",
            "operatingIncome": "103000000",
            "sellingGeneralAndAdministrative": "674000000",
            "researchAndDevelopment": "1201000000",
            "operatingExpenses": "2414000000",
            "investmentIncomeNet": "5000000",
            "netInterestIncome": "-177000000",
            "interestIncome": "None",
            "interestExpense": "177000000",
            "nonInterestIncome": "-32000000",
            "otherNonOperatingIncome": "0",
            "depreciation": "139000000",
            "depreciationAndAmortization": "236000000",
            "incomeBeforeTax": "-74000000",
            "incomeTaxExpense": "9000000",
            "interestAndDebtExpense": "178000000",
            "netIncomeFromContinuingOperations": "-83000000",
            "comprehensiveIncomeNetOfTax": "-82000000",
            "ebit": "103000000",
            "ebitda": "339000000",
            "netIncome": "-83000000"
        },
        {
            "fiscalDateEnding": "2012-12-31",
            "reportedCurrency": "USD",
            "grossProfit": "1235000000",
            "totalRevenue": "5257000000",
            "costOfRevenue": "5374000000",
            "costofGoodsAndServicesSold": "4187000000",
            "operatingIncome": "-1056000000",
            "sellingGeneralAndAdministrative": "823000000",
            "researchAndDevelopment": "1354000000",
            "operatingExpenses": "2862000000",
            "investmentIncomeNet": "8000000",
            "netInterestIncome": "-175000000",
            "interestIncome": "None",
            "interestExpense": "175000000",
            "nonInterestIncome": "0",
            "otherNonOperatingIncome": "6000000",
            "depreciation": "179000000",
            "depreciationAndAmortization": "260000000",
            "incomeBeforeTax": "-1217000000",
            "incomeTaxExpense": "-34000000",
            "interestAndDebtExpense": "175000000",
            "netIncomeFromContinuingOperations": "-1183000000",
            "comprehensiveIncomeNetOfTax": "-1181000000",
            "ebit": "-1042000000",
            "ebitda": "-782000000",
            "netIncome": "-1183000000"
        },
        {
            "fiscalDateEnding": "2011-12-31",
            "reportedCurrency": "USD",
            "grossProfit": "2940000000",
            "totalRevenue": "6402000000",
            "costOfRevenue": "5939000000",
            "costofGoodsAndServicesSold": "4532000000",
            "operatingIncome": "368000000",
            "sellingGeneralAndAdministrative": "992000000",
            "researchAndDevelopment": "1453000000",
            "operatingExpenses": "3180000000",
            "investmentIncomeNet": "10000000",
            "netInterestIncome": "-180000000",
            "interestIncome": "None",
            "interestExpense": "180000000",
            "nonInterestIncome": "-2000000",
            "otherNonOperatingIncome": "-199000000",
            "depreciation": "217000000",
            "depreciationAndAmortization": "317000000",
            "incomeBeforeTax": "487000000",
            "incomeTaxExpense": "-4000000",
            "interestAndDebtExpense": "186000000",
            "netIncomeFromContinuingOperations": "495000000",
            "comprehensiveIncomeNetOfTax": "485000000",
            "ebit": "667000000",
            "ebitda": "984000000",
            "netIncome": "491000000"
        },
        {
            "fiscalDateEnding": "2010-12-31",
            "reportedCurrency": "USD",
            "grossProfit": "2961000000",
            "totalRevenue": "6288000000",
            "costOfRevenue": "4846000000",
            "costofGoodsAndServicesSold": "3533000000",
            "operatingIncome": "848000000",
            "sellingGeneralAndAdministrative": "934000000",
            "researchAndDevelopment": "1405000000",
            "operatingExpenses": "2924000000",
            "investmentIncomeNet": "11000000",
            "netInterestIncome": "-199000000",
            "interestIncome": "None",
            "interestExpense": "199000000",
            "nonInterestIncome": "-7000000",
            "otherNonOperatingIncome": "311000000",
            "depreciation": "256000000",
            "depreciationAndAmortization": "383000000",
            "incomeBeforeTax": "509000000",
            "incomeTaxExpense": "38000000",
            "interestAndDebtExpense": "223000000",
            "netIncomeFromContinuingOperations": "471000000",
            "comprehensiveIncomeNetOfTax": "318000000",
            "ebit": "708000000",
            "ebitda": "1091000000",
            "netIncome": "471000000"
        }
    ],
    "quarterlyReports": [
        {
            "fiscalDateEnding": "2024-06-30",
            "reportedCurrency": "USD",
            "grossProfit": "2864000000",
            "totalRevenue": "5835000000",
            "costOfRevenue": "3621000000",
            "costofGoodsAndServicesSold": "2971000000",
            "operatingIncome": "269000000",
            "sellingGeneralAndAdministrative": "650000000",
            "researchAndDevelopment": "1583000000",
            "operatingExpenses": "2233000000",
            "investmentIncomeNet": "None",
            "netInterestIncome": "-25000000",
            "interestIncome": "None",
            "interestExpense": "25000000",
            "nonInterestIncome": "5835000000",
            "otherNonOperatingIncome": "55000000",
            "depreciation": "None",
            "depreciationAndAmortization": "147000000",
            "incomeBeforeTax": "306000000",
            "incomeTaxExpense": "41000000",
            "interestAndDebtExpense": "None",
            "netIncomeFromContinuingOperations": "265000000",
            "comprehensiveIncomeNetOfTax": "264000000",
            "ebit": "331000000",
            "ebitda": "478000000",
            "netIncome": "265000000"
        },
        {
            "fiscalDateEnding": "2024-03-31",
            "reportedCurrency": "USD",
            "grossProfit": "2560000000",
            "totalRevenue": "5473000000",
            "costOfRevenue": "4939000000",
            "costofGoodsAndServicesSold": "2913000000",
            "operatingIncome": "36000000",
            "sellingGeneralAndAdministrative": "620000000",
            "researchAndDevelopment": "1525000000",
            "operatingExpenses": "3551000000",
            "investmentIncomeNet": "None",
            "netInterestIncome": "-25000000",
            "interestIncome": "None",
            "interestExpense": "25000000",
            "nonInterestIncome": "5473000000",
            "otherNonOperatingIncome": "53000000",
            "depreciation": "None",
            "depreciationAndAmortization": "1406000000",
            "incomeBeforeTax": "71000000",
            "incomeTaxExpense": "-52000000",
            "interestAndDebtExpense": "None",
            "netIncomeFromContinuingOperations": "123000000",
            "comprehensiveIncomeNetOfTax": "101000000",
            "ebit": "96000000",
            "ebitda": "1502000000",
            "netIncome": "123000000"
        },
        {
            "fiscalDateEnding": "2023-12-31",
            "reportedCurrency": "USD",
            "grossProfit": "2911000000",
            "totalRevenue": "6452000000",
            "costOfRevenue": "5154000000",
            "costofGoodsAndServicesSold": "3257000000",
            "operatingIncome": "342000000",
            "sellingGeneralAndAdministrative": "644000000",
            "researchAndDevelopment": "1511000000",
            "operatingExpenses": "3409000000",
            "investmentIncomeNet": "None",
            "netInterestIncome": "285000000",
            "interestIncome": "312000000",
            "interestExpense": "27000000",
            "nonInterestIncome": "6167000000",
            "otherNonOperatingIncome": "49000000",
            "depreciation": "None",
            "depreciationAndAmortization": "1253000000",
            "incomeBeforeTax": "370000000",
            "incomeTaxExpense": "-297000000",
            "interestAndDebtExpense": "27000000",
            "netIncomeFromContinuingOperations": "667000000",
            "comprehensiveIncomeNetOfTax": "707000000",
            "ebit": "397000000",
            "ebitda": "1650000000",
            "netIncome": "667000000"
        },
        {
            "fiscalDateEnding": "2023-09-30",
            "reportedCurrency": "USD",
            "grossProfit": "2747000000",
            "totalRevenue": "5774000000",
            "costOfRevenue": "4289000000",
            "costofGoodsAndServicesSold": "3053000000",
            "operatingIncome": "224000000",
            "sellingGeneralAndAdministrative": "576000000",
            "researchAndDevelopment": "1507000000",
            "operatingExpenses": "2743000000",
            "investmentIncomeNet": "None",
            "netInterestIncome": "-26000000",
            "interestIncome": "26000000",
            "interestExpense": "26000000",
            "nonInterestIncome": "5800000000",
            "otherNonOperatingIncome": "59000000",
            "depreciation": "None",
            "depreciationAndAmortization": "660000000",
            "incomeBeforeTax": "260000000",
            "incomeTaxExpense": "-39000000",
            "interestAndDebtExpense": "26000000",
            "netIncomeFromContinuingOperations": "299000000",
            "comprehensiveIncomeNetOfTax": "281000000",
            "ebit": "286000000",
            "ebitda": "946000000",
            "netIncome": "299000000"
        },
        {
            "fiscalDateEnding": "2023-06-30",
            "reportedCurrency": "USD",
            "grossProfit": "2443000000",
            "totalRevenue": "5331000000",
            "costOfRevenue": "4156000000",
            "costofGoodsAndServicesSold": "2916000000",
            "operatingIncome": "-20000000",
            "sellingGeneralAndAdministrative": "547000000",
            "researchAndDevelopment": "1443000000",
            "operatingExpenses": "2683000000",
            "investmentIncomeNet": "None",
            "netInterestIncome": "-28000000",
            "interestIncome": "28000000",
            "interestExpense": "28000000",
            "nonInterestIncome": "5359000000",
            "otherNonOperatingIncome": "46000000",
            "depreciation": "None",
            "depreciationAndAmortization": "693000000",
            "incomeBeforeTax": "4000000",
            "incomeTaxExpense": "-23000000",
            "interestAndDebtExpense": "28000000",
            "netIncomeFromContinuingOperations": "27000000",
            "comprehensiveIncomeNetOfTax": "16000000",
            "ebit": "32000000",
            "ebitda": "725000000",
            "netIncome": "27000000"
        },
        {
            "fiscalDateEnding": "2023-03-31",
            "reportedCurrency": "USD",
            "grossProfit": "2359000000",
            "totalRevenue": "5353000000",
            "costOfRevenue": "5384000000",
            "costofGoodsAndServicesSold": "2994000000",
            "operatingIncome": "-145000000",
            "sellingGeneralAndAdministrative": "585000000",
            "researchAndDevelopment": "1411000000",
            "operatingExpenses": "3801000000",
            "investmentIncomeNet": "None",
            "netInterestIncome": "-25000000",
            "interestIncome": "25000000",
            "interestExpense": "25000000",
            "nonInterestIncome": "5353000000",
            "otherNonOperatingIncome": "43000000",
            "depreciation": "None",
            "depreciationAndAmortization": "1805000000",
            "incomeBeforeTax": "-126000000",
            "incomeTaxExpense": "13000000",
            "interestAndDebtExpense": "None",
            "netIncomeFromContinuingOperations": "-139000000",
            "comprehensiveIncomeNetOfTax": "-119000000",
            "ebit": "-101000000",
            "ebitda": "2537000000",
            "netIncome": "-139000000"
        },
        {
            "fiscalDateEnding": "2022-12-31",
            "reportedCurrency": "USD",
            "grossProfit": "2403000000",
            "totalRevenue": "5732000000",
            "costOfRevenue": "5006000000",
            "costofGoodsAndServicesSold": "3196000000",
            "operatingIncome": "-149000000",
            "sellingGeneralAndAdministrative": "590000000",
            "researchAndDevelopment": "1366000000",
            "operatingExpenses": "3177000000",
            "investmentIncomeNet": "None",
            "netInterestIncome": "134000000",
            "interestIncome": "153000000",
            "interestExpense": "19000000",
            "nonInterestIncome": "5598000000",
            "otherNonOperatingIncome": "32000000",
            "depreciation": "None",
            "depreciationAndAmortization": "1220000000",
            "incomeBeforeTax": "-133000000",
            "incomeTaxExpense": "-154000000",
            "interestAndDebtExpense": "19000000",
            "netIncomeFromContinuingOperations": "21000000",
            "comprehensiveIncomeNetOfTax": "68000000",
            "ebit": "-114000000",
            "ebitda": "1106000000",
            "netIncome": "21000000"
        },
        {
            "fiscalDateEnding": "2022-09-30",
            "reportedCurrency": "USD",
            "grossProfit": "2354000000",
            "totalRevenue": "5534000000",
            "costOfRevenue": "3768000000",
            "costofGoodsAndServicesSold": "3211000000",
            "operatingIncome": "-64000000",
            "sellingGeneralAndAdministrative": "557000000",
            "researchAndDevelopment": "1279000000",
            "operatingExpenses": "1836000000",
            "investmentIncomeNet": "None",
            "netInterestIncome": "-31000000",
            "interestIncome": "34000000",
            "interestExpense": "31000000",
            "nonInterestIncome": "5565000000",
            "otherNonOperatingIncome": "22000000",
            "depreciation": "None",
            "depreciationAndAmortization": "1000000000",
            "incomeBeforeTax": "-69000000",
            "incomeTaxExpense": "-135000000",
            "interestAndDebtExpense": "31000000",
            "netIncomeFromContinuingOperations": "66000000",
            "comprehensiveIncomeNetOfTax": "11000000",
            "ebit": "-38000000",
            "ebitda": "962000000",
            "netIncome": "66000000"
        },
        {
            "fiscalDateEnding": "2022-06-30",
            "reportedCurrency": "USD",
            "grossProfit": "3028000000",
            "totalRevenue": "6525000000",
            "costOfRevenue": "4114000000",
            "costofGoodsAndServicesSold": "3522000000",
            "operatingIncome": "526000000",
            "sellingGeneralAndAdministrative": "592000000",
            "researchAndDevelopment": "1300000000",
            "operatingExpenses": "1892000000",
            "investmentIncomeNet": "None",
            "netInterestIncome": "-25000000",
            "interestIncome": "35000000",
            "interestExpense": "25000000",
            "nonInterestIncome": "6550000000",
            "otherNonOperatingIncome": "-4000000",
            "depreciation": "None",
            "depreciationAndAmortization": "1000000000",
            "incomeBeforeTax": "501000000",
            "incomeTaxExpense": "54000000",
            "interestAndDebtExpense": "25000000",
            "netIncomeFromContinuingOperations": "447000000",
            "comprehensiveIncomeNetOfTax": "416000000",
            "ebit": "526000000",
            "ebitda": "1526000000",
            "netIncome": "447000000"
        },
        {
            "fiscalDateEnding": "2022-03-31",
            "reportedCurrency": "USD",
            "grossProfit": "2818000000",
            "totalRevenue": "5859000000",
            "costOfRevenue": "4275000000",
            "costofGoodsAndServicesSold": "3069000000",
            "operatingIncome": "951000000",
            "sellingGeneralAndAdministrative": "597000000",
            "researchAndDevelopment": "1060000000",
            "operatingExpenses": "2281000000",
            "investmentIncomeNet": "None",
            "netInterestIncome": "-13000000",
            "interestIncome": "None",
            "interestExpense": "13000000",
            "nonInterestIncome": "5872000000",
            "otherNonOperatingIncome": "-42000000",
            "depreciation": "None",
            "depreciationAndAmortization": "609000000",
            "incomeBeforeTax": "899000000",
            "incomeTaxExpense": "113000000",
            "interestAndDebtExpense": "13000000",
            "netIncomeFromContinuingOperations": "786000000",
            "comprehensiveIncomeNetOfTax": "787000000",
            "ebit": "912000000",
            "ebitda": "1521000000",
            "netIncome": "786000000"
        },
        {
            "fiscalDateEnding": "2021-12-31",
            "reportedCurrency": "USD",
            "grossProfit": "2426000000",
            "totalRevenue": "4845000000",
            "costOfRevenue": "2930000000",
            "costofGoodsAndServicesSold": "2400000000",
            "operatingIncome": "1207000000",
            "sellingGeneralAndAdministrative": "412000000",
            "researchAndDevelopment": "811000000",
            "operatingExpenses": "1356000000",
            "investmentIncomeNet": "None",
            "netInterestIncome": "34000000",
            "interestIncome": "42000000",
            "interestExpense": "8000000",
            "nonInterestIncome": "4811000000",
            "otherNonOperatingIncome": "4000000",
            "depreciation": "None",
            "depreciationAndAmortization": "118000000",
            "incomeBeforeTax": "1203000000",
            "incomeTaxExpense": "229000000",
            "interestAndDebtExpense": "8000000",
            "netIncomeFromContinuingOperations": "974000000",
            "comprehensiveIncomeNetOfTax": "971000000",
            "ebit": "1211000000",
            "ebitda": "1329000000",
            "netIncome": "974000000"
        },
        {
            "fiscalDateEnding": "2021-09-30",
            "reportedCurrency": "USD",
            "grossProfit": "2086000000",
            "totalRevenue": "4306000000",
            "costOfRevenue": "2603000000",
            "costofGoodsAndServicesSold": "2227000000",
            "operatingIncome": "948000000",
            "sellingGeneralAndAdministrative": "376000000",
            "researchAndDevelopment": "765000000",
            "operatingExpenses": "1141000000",
            "investmentIncomeNet": "None",
            "netInterestIncome": "-7000000",
            "interestIncome": "None",
            "interestExpense": "7000000",
            "nonInterestIncome": "4313000000",
            "otherNonOperatingIncome": "62000000",
            "depreciation": "None",
            "depreciationAndAmortization": "97000000",
            "incomeBeforeTax": "1005000000",
            "incomeTaxExpense": "82000000",
            "interestAndDebtExpense": "7000000",
            "netIncomeFromContinuingOperations": "923000000",
            "comprehensiveIncomeNetOfTax": "916000000",
            "ebit": "1012000000",
            "ebitda": "1109000000",
            "netIncome": "923000000"
        },
        {
            "fiscalDateEnding": "2021-06-30",
            "reportedCurrency": "USD",
            "grossProfit": "1830000000",
            "totalRevenue": "3840000000",
            "costOfRevenue": "2361000000",
            "costofGoodsAndServicesSold": "2020000000",
            "operatingIncome": "831000000",
            "sellingGeneralAndAdministrative": "341000000",
            "researchAndDevelopment": "659000000",
            "operatingExpenses": "1000000000",
            "investmentIncomeNet": "None",
            "netInterestIncome": "-10000000",
            "interestIncome": "None",
            "interestExpense": "10000000",
            "nonInterestIncome": "3850000000",
            "otherNonOperatingIncome": "0",
            "depreciation": "None",
            "depreciationAndAmortization": "97000000",
            "incomeBeforeTax": "823000000",
            "incomeTaxExpense": "113000000",
            "interestAndDebtExpense": "10000000",
            "netIncomeFromContinuingOperations": "710000000",
            "comprehensiveIncomeNetOfTax": "711000000",
            "ebit": "833000000",
            "ebitda": "930000000",
            "netIncome": "710000000"
        },
        {
            "fiscalDateEnding": "2021-03-31",
            "reportedCurrency": "USD",
            "grossProfit": "1587000000",
            "totalRevenue": "3422000000",
            "costOfRevenue": "2272000000",
            "costofGoodsAndServicesSold": "1858000000",
            "operatingIncome": "662000000",
            "sellingGeneralAndAdministrative": "319000000",
            "researchAndDevelopment": "610000000",
            "operatingExpenses": "1032000000",
            "investmentIncomeNet": "None",
            "netInterestIncome": "-9000000",
            "interestIncome": "None",
            "interestExpense": "9000000",
            "nonInterestIncome": "3431000000",
            "otherNonOperatingIncome": "-11000000",
            "depreciation": "None",
            "depreciationAndAmortization": "95000000",
            "incomeBeforeTax": "644000000",
            "incomeTaxExpense": "89000000",
            "interestAndDebtExpense": "15000000",
            "netIncomeFromContinuingOperations": "555000000",
            "comprehensiveIncomeNetOfTax": "544000000",
            "ebit": "653000000",
            "ebitda": "748000000",
            "netIncome": "555000000"
        },
        {
            "fiscalDateEnding": "2020-12-31",
            "reportedCurrency": "USD",
            "grossProfit": "1451000000",
            "totalRevenue": "3235000000",
            "costOfRevenue": "2101000000",
            "costofGoodsAndServicesSold": "1793000000",
            "operatingIncome": "570000000",
            "sellingGeneralAndAdministrative": "308000000",
            "researchAndDevelopment": "573000000",
            "operatingExpenses": "881000000",
            "investmentIncomeNet": "None",
            "netInterestIncome": "46000000",
            "interestIncome": "55000000",
            "interestExpense": "9000000",
            "nonInterestIncome": "3244000000",
            "otherNonOperatingIncome": "-15000000",
            "depreciation": "None",
            "depreciationAndAmortization": "90000000",
            "incomeBeforeTax": "549000000",
            "incomeTaxExpense": "-1232000000",
            "interestAndDebtExpense": "9000000",
            "netIncomeFromContinuingOperations": "1778000000",
            "comprehensiveIncomeNetOfTax": "1793000000",
            "ebit": "558000000",
            "ebitda": "648000000",
            "netIncome": "1781000000"
        },
        {
            "fiscalDateEnding": "2020-09-30",
            "reportedCurrency": "USD",
            "grossProfit": "1230000000",
            "totalRevenue": "2790000000",
            "costOfRevenue": "1844000000",
            "costofGoodsAndServicesSold": "1571000000",
            "operatingIncome": "449000000",
            "sellingGeneralAndAdministrative": "273000000",
            "researchAndDevelopment": "508000000",
            "operatingExpenses": "781000000",
            "investmentIncomeNet": "None",
            "netInterestIncome": "-11000000",
            "interestIncome": "None",
            "interestExpense": "11000000",
            "nonInterestIncome": "2801000000",
            "otherNonOperatingIncome": "-37000000",
            "depreciation": "None",
            "depreciationAndAmortization": "82000000",
            "incomeBeforeTax": "402000000",
            "incomeTaxExpense": "12000000",
            "interestAndDebtExpense": "11000000",
            "netIncomeFromContinuingOperations": "390000000",
            "comprehensiveIncomeNetOfTax": "399000000",
            "ebit": "413000000",
            "ebitda": "495000000",
            "netIncome": "390000000"
        },
        {
            "fiscalDateEnding": "2020-06-30",
            "reportedCurrency": "USD",
            "grossProfit": "848000000",
            "totalRevenue": "1918000000",
            "costOfRevenue": "1299000000",
            "costofGoodsAndServicesSold": "1084000000",
            "operatingIncome": "173000000",
            "sellingGeneralAndAdministrative": "215000000",
            "researchAndDevelopment": "460000000",
            "operatingExpenses": "675000000",
            "investmentIncomeNet": "None",
            "netInterestIncome": "-14000000",
            "interestIncome": "14000000",
            "interestExpense": "14000000",
            "nonInterestIncome": "1932000000",
            "otherNonOperatingIncome": "1000000",
            "depreciation": "None",
            "depreciationAndAmortization": "72000000",
            "incomeBeforeTax": "161000000",
            "incomeTaxExpense": "4000000",
            "interestAndDebtExpense": "14000000",
            "netIncomeFromContinuingOperations": "157000000",
            "comprehensiveIncomeNetOfTax": "167000000",
            "ebit": "175000000",
            "ebitda": "247000000",
            "netIncome": "157000000"
        },
        {
            "fiscalDateEnding": "2020-03-31",
            "reportedCurrency": "USD",
            "grossProfit": "818000000",
            "totalRevenue": "1755000000",
            "costOfRevenue": "1167000000",
            "costofGoodsAndServicesSold": "968000000",
            "operatingIncome": "177000000",
            "sellingGeneralAndAdministrative": "199000000",
            "researchAndDevelopment": "442000000",
            "operatingExpenses": "659000000",
            "investmentIncomeNet": "None",
            "netInterestIncome": "-13000000",
            "interestIncome": "None",
            "interestExpense": "13000000",
            "nonInterestIncome": "1768000000",
            "otherNonOperatingIncome": "4000000",
            "depreciation": "None",
            "depreciationAndAmortization": "68000000",
            "incomeBeforeTax": "168000000",
            "incomeTaxExpense": "6000000",
            "interestAndDebtExpense": "13000000",
            "netIncomeFromContinuingOperations": "162000000",
            "comprehensiveIncomeNetOfTax": "148000000",
            "ebit": "181000000",
            "ebitda": "249000000",
            "netIncome": "162000000"
        },
        {
            "fiscalDateEnding": "2019-12-31",
            "reportedCurrency": "USD",
            "grossProfit": "949000000",
            "totalRevenue": "2109000000",
            "costOfRevenue": "1384000000",
            "costofGoodsAndServicesSold": "1178000000",
            "operatingIncome": "348000000",
            "sellingGeneralAndAdministrative": "206000000",
            "researchAndDevelopment": "395000000",
            "operatingExpenses": "601000000",
            "investmentIncomeNet": "None",
            "netInterestIncome": "91000000",
            "interestIncome": "109000000",
            "interestExpense": "18000000",
            "nonInterestIncome": "2127000000",
            "otherNonOperatingIncome": "-125000000",
            "depreciation": "None",
            "depreciationAndAmortization": "64000000",
            "incomeBeforeTax": "205000000",
            "incomeTaxExpense": "35000000",
            "interestAndDebtExpense": "18000000",
            "netIncomeFromContinuingOperations": "170000000",
            "comprehensiveIncomeNetOfTax": "177000000",
            "ebit": "223000000",
            "ebitda": "287000000",
            "netIncome": "170000000"
        },
        {
            "fiscalDateEnding": "2019-09-30",
            "reportedCurrency": "USD",
            "grossProfit": "777000000",
            "totalRevenue": "1737000000",
            "costOfRevenue": "1209000000",
            "costofGoodsAndServicesSold": "1024000000",
            "operatingIncome": "186000000",
            "sellingGeneralAndAdministrative": "185000000",
            "researchAndDevelopment": "406000000",
            "operatingExpenses": "591000000",
            "investmentIncomeNet": "None",
            "netInterestIncome": "-24000000",
            "interestIncome": "None",
            "interestExpense": "24000000",
            "nonInterestIncome": "1761000000",
            "otherNonOperatingIncome": "-36000000",
            "depreciation": "None",
            "depreciationAndAmortization": "69000000",
            "incomeBeforeTax": "127000000",
            "incomeTaxExpense": "7000000",
            "interestAndDebtExpense": "64000000",
            "netIncomeFromContinuingOperations": "120000000",
            "comprehensiveIncomeNetOfTax": "113000000",
            "ebit": "151000000",
            "ebitda": "255000000",
            "netIncome": "120000000"
        },
        {
            "fiscalDateEnding": "2019-06-30",
            "reportedCurrency": "USD",
            "grossProfit": "621000000",
            "totalRevenue": "1506000000",
            "costOfRevenue": "1099000000",
            "costofGoodsAndServicesSold": "910000000",
            "operatingIncome": "59000000",
            "sellingGeneralAndAdministrative": "189000000",
            "researchAndDevelopment": "373000000",
            "operatingExpenses": "562000000",
            "investmentIncomeNet": "None",
            "netInterestIncome": "-25000000",
            "interestIncome": "None",
            "interestExpense": "25000000",
            "nonInterestIncome": "1531000000",
            "otherNonOperatingIncome": "3000000",
            "depreciation": "None",
            "depreciationAndAmortization": "70000000",
            "incomeBeforeTax": "37000000",
            "incomeTaxExpense": "2000000",
            "interestAndDebtExpense": "25000000",
            "netIncomeFromContinuingOperations": "35000000",
            "comprehensiveIncomeNetOfTax": "36000000",
            "ebit": "62000000",
            "ebitda": "129000000",
            "netIncome": "35000000"
        },
        {
            "fiscalDateEnding": "2019-03-31",
            "reportedCurrency": "USD",
            "grossProfit": "521000000",
            "totalRevenue": "1291000000",
            "costOfRevenue": "921000000",
            "costofGoodsAndServicesSold": "751000000",
            "operatingIncome": "38000000",
            "sellingGeneralAndAdministrative": "170000000",
            "researchAndDevelopment": "373000000",
            "operatingExpenses": "549000000",
            "investmentIncomeNet": "None",
            "netInterestIncome": "-27000000",
            "interestIncome": "None",
            "interestExpense": "27000000",
            "nonInterestIncome": "1258000000",
            "otherNonOperatingIncome": "-7000000",
            "depreciation": "None",
            "depreciationAndAmortization": "46000000",
            "incomeBeforeTax": "3000000",
            "incomeTaxExpense": "-13000000",
            "interestAndDebtExpense": "35000000",
            "netIncomeFromContinuingOperations": "16000000",
            "comprehensiveIncomeNetOfTax": "23000000",
            "ebit": "30000000",
            "ebitda": "84000000",
            "netIncome": "16000000"
        },
        {
            "fiscalDateEnding": "2018-12-31",
            "reportedCurrency": "USD",
            "grossProfit": "537000000",
            "totalRevenue": "1390000000",
            "costOfRevenue": "1020000000",
            "costofGoodsAndServicesSold": "882000000",
            "operatingIncome": "28000000",
            "sellingGeneralAndAdministrative": "138000000",
            "researchAndDevelopment": "371000000",
            "operatingExpenses": "509000000",
            "investmentIncomeNet": "None",
            "netInterestIncome": "110000000",
            "interestIncome": "139000000",
            "interestExpense": "29000000",
            "nonInterestIncome": "1419000000",
            "otherNonOperatingIncome": "4000000",
            "depreciation": "None",
            "depreciationAndAmortization": "43000000",
            "incomeBeforeTax": "3000000",
            "incomeTaxExpense": "-35000000",
            "interestAndDebtExpense": "29000000",
            "netIncomeFromContinuingOperations": "38000000",
            "comprehensiveIncomeNetOfTax": "40000000",
            "ebit": "32000000",
            "ebitda": "71000000",
            "netIncome": "38000000"
        },
        {
            "fiscalDateEnding": "2018-09-30",
            "reportedCurrency": "USD",
            "grossProfit": "661000000",
            "totalRevenue": "1623000000",
            "costOfRevenue": "1140000000",
            "costofGoodsAndServicesSold": "992000000",
            "operatingIncome": "150000000",
            "sellingGeneralAndAdministrative": "148000000",
            "researchAndDevelopment": "363000000",
            "operatingExpenses": "511000000",
            "investmentIncomeNet": "None",
            "netInterestIncome": "-30000000",
            "interestIncome": "None",
            "interestExpense": "30000000",
            "nonInterestIncome": "1653000000",
            "otherNonOperatingIncome": "-6000000",
            "depreciation": "None",
            "depreciationAndAmortization": "41000000",
            "incomeBeforeTax": "114000000",
            "incomeTaxExpense": "12000000",
            "interestAndDebtExpense": "24000000",
            "netIncomeFromContinuingOperations": "102000000",
            "comprehensiveIncomeNetOfTax": "102000000",
            "ebit": "144000000",
            "ebitda": "191000000",
            "netIncome": "102000000"
        },
        {
            "fiscalDateEnding": "2018-06-30",
            "reportedCurrency": "USD",
            "grossProfit": "652000000",
            "totalRevenue": "1725000000",
            "costOfRevenue": "1246000000",
            "costofGoodsAndServicesSold": "1104000000",
            "operatingIncome": "153000000",
            "sellingGeneralAndAdministrative": "142000000",
            "researchAndDevelopment": "357000000",
            "operatingExpenses": "499000000",
            "investmentIncomeNet": "None",
            "netInterestIncome": "-31000000",
            "interestIncome": "None",
            "interestExpense": "31000000",
            "nonInterestIncome": "1756000000",
            "otherNonOperatingIncome": "1000000",
            "depreciation": "None",
            "depreciationAndAmortization": "42000000",
            "incomeBeforeTax": "122000000",
            "incomeTaxExpense": "6000000",
            "interestAndDebtExpense": "31000000",
            "netIncomeFromContinuingOperations": "116000000",
            "comprehensiveIncomeNetOfTax": "103000000",
            "ebit": "153000000",
            "ebitda": "195000000",
            "netIncome": "116000000"
        },
        {
            "fiscalDateEnding": "2018-03-31",
            "reportedCurrency": "USD",
            "grossProfit": "597000000",
            "totalRevenue": "1615000000",
            "costOfRevenue": "1184000000",
            "costofGoodsAndServicesSold": "1050000000",
            "operatingIncome": "120000000",
            "sellingGeneralAndAdministrative": "134000000",
            "researchAndDevelopment": "343000000",
            "operatingExpenses": "477000000",
            "investmentIncomeNet": "None",
            "netInterestIncome": "-31000000",
            "interestIncome": "None",
            "interestExpense": "31000000",
            "nonInterestIncome": "-1000000",
            "otherNonOperatingIncome": "1000000",
            "depreciation": "None",
            "depreciationAndAmortization": "44000000",
            "incomeBeforeTax": "89000000",
            "incomeTaxExpense": "8000000",
            "interestAndDebtExpense": "32000000",
            "netIncomeFromContinuingOperations": "81000000",
            "comprehensiveIncomeNetOfTax": "80000000",
            "ebit": "120000000",
            "ebitda": "164000000",
            "netIncome": "81000000"
        },
        {
            "fiscalDateEnding": "2017-12-31",
            "reportedCurrency": "USD",
            "grossProfit": "452000000",
            "totalRevenue": "1449000000",
            "costOfRevenue": "1098000000",
            "costofGoodsAndServicesSold": "888000000",
            "operatingIncome": "-2000000",
            "sellingGeneralAndAdministrative": "134000000",
            "researchAndDevelopment": "320000000",
            "operatingExpenses": "433000000",
            "investmentIncomeNet": "None",
            "netInterestIncome": "101000000",
            "interestIncome": "132000000",
            "interestExpense": "31000000",
            "nonInterestIncome": "1340000000",
            "otherNonOperatingIncome": "2000000",
            "depreciation": "None",
            "depreciationAndAmortization": "39000000",
            "incomeBeforeTax": "-31000000",
            "incomeTaxExpense": "-12000000",
            "interestAndDebtExpense": "31000000",
            "netIncomeFromContinuingOperations": "61000000",
            "comprehensiveIncomeNetOfTax": "-15000000",
            "ebit": "-2000000",
            "ebitda": "121000000",
            "netIncome": "-19000000"
        },
        {
            "fiscalDateEnding": "2017-09-30",
            "reportedCurrency": "USD",
            "grossProfit": "571000000",
            "totalRevenue": "1584000000",
            "costOfRevenue": "1013000000",
            "costofGoodsAndServicesSold": "1013000000",
            "operatingIncome": "119000000",
            "sellingGeneralAndAdministrative": "132000000",
            "researchAndDevelopment": "320000000",
            "operatingExpenses": "447000000",
            "investmentIncomeNet": "None",
            "netInterestIncome": "-31000000",
            "interestIncome": "None",
            "interestExpense": "31000000",
            "nonInterestIncome": "1584000000",
            "otherNonOperatingIncome": "-3000000",
            "depreciation": "None",
            "depreciationAndAmortization": "36000000",
            "incomeBeforeTax": "83000000",
            "incomeTaxExpense": "22000000",
            "interestAndDebtExpense": "31000000",
            "netIncomeFromContinuingOperations": "71000000",
            "comprehensiveIncomeNetOfTax": "63000000",
            "ebit": "114000000",
            "ebitda": "162000000",
            "netIncome": "61000000"
        },
        {
            "fiscalDateEnding": "2017-06-30",
            "reportedCurrency": "USD",
            "grossProfit": "386000000",
            "totalRevenue": "1151000000",
            "costOfRevenue": "765000000",
            "costofGoodsAndServicesSold": "765000000",
            "operatingIncome": "-1000000",
            "sellingGeneralAndAdministrative": "127000000",
            "researchAndDevelopment": "285000000",
            "operatingExpenses": "404000000",
            "investmentIncomeNet": "None",
            "netInterestIncome": "-32000000",
            "interestIncome": "None",
            "interestExpense": "32000000",
            "nonInterestIncome": "1151000000",
            "otherNonOperatingIncome": "-3000000",
            "depreciation": "None",
            "depreciationAndAmortization": "35000000",
            "incomeBeforeTax": "-39000000",
            "incomeTaxExpense": "3000000",
            "interestAndDebtExpense": "32000000",
            "netIncomeFromContinuingOperations": "-13000000",
            "comprehensiveIncomeNetOfTax": "-38000000",
            "ebit": "-7000000",
            "ebitda": "60000000",
            "netIncome": "-42000000"
        },
        {
            "fiscalDateEnding": "2017-03-31",
            "reportedCurrency": "USD",
            "grossProfit": "378000000",
            "totalRevenue": "1178000000",
            "costOfRevenue": "800000000",
            "costofGoodsAndServicesSold": "800000000",
            "operatingIncome": "11000000",
            "sellingGeneralAndAdministrative": "123000000",
            "researchAndDevelopment": "271000000",
            "operatingExpenses": "387000000",
            "investmentIncomeNet": "None",
            "netInterestIncome": "-32000000",
            "interestIncome": "None",
            "interestExpense": "32000000",
            "nonInterestIncome": "-4000000",
            "otherNonOperatingIncome": "-5000000",
            "depreciation": "None",
            "depreciationAndAmortization": "34000000",
            "incomeBeforeTax": "-28000000",
            "incomeTaxExpense": "5000000",
            "interestAndDebtExpense": "32000000",
            "netIncomeFromContinuingOperations": "-71000000",
            "comprehensiveIncomeNetOfTax": "-32000000",
            "ebit": "4000000",
            "ebitda": "5000000",
            "netIncome": "-33000000"
        },
        {
            "fiscalDateEnding": "2016-12-31",
            "reportedCurrency": "USD",
            "grossProfit": "351000000",
            "totalRevenue": "1103000000",
            "costOfRevenue": "876000000",
            "costofGoodsAndServicesSold": "797000000",
            "operatingIncome": "-3000000",
            "sellingGeneralAndAdministrative": "121000000",
            "researchAndDevelopment": "264000000",
            "operatingExpenses": "385000000",
            "investmentIncomeNet": "None",
            "netInterestIncome": "124000000",
            "interestIncome": "158000000",
            "interestExpense": "34000000",
            "nonInterestIncome": "-7000000",
            "otherNonOperatingIncome": "-7000000",
            "depreciation": "None",
            "depreciationAndAmortization": "34000000",
            "incomeBeforeTax": "-46000000",
            "incomeTaxExpense": "5000000",
            "interestAndDebtExpense": "34000000",
            "netIncomeFromContinuingOperations": "-51000000",
            "comprehensiveIncomeNetOfTax": "-54000000",
            "ebit": "-12000000",
            "ebitda": "31000000",
            "netIncome": "-51000000"
        },
        {
            "fiscalDateEnding": "2016-09-30",
            "reportedCurrency": "USD",
            "grossProfit": "59000000",
            "totalRevenue": "1290000000",
            "costOfRevenue": "1365000000",
            "costofGoodsAndServicesSold": "1248000000",
            "operatingIncome": "-293000000",
            "sellingGeneralAndAdministrative": "117000000",
            "researchAndDevelopment": "259000000",
            "operatingExpenses": "376000000",
            "investmentIncomeNet": "None",
            "netInterestIncome": "-41000000",
            "interestIncome": "None",
            "interestExpense": "41000000",
            "nonInterestIncome": "-61000000",
            "otherNonOperatingIncome": "-63000000",
            "depreciation": "None",
            "depreciationAndAmortization": "33000000",
            "incomeBeforeTax": "-402000000",
            "incomeTaxExpense": "4000000",
            "interestAndDebtExpense": "41000000",
            "netIncomeFromContinuingOperations": "-406000000",
            "comprehensiveIncomeNetOfTax": "-406000000",
            "ebit": "-361000000",
            "ebitda": "-260000000",
            "netIncome": "-406000000"
        },
        {
            "fiscalDateEnding": "2016-06-30",
            "reportedCurrency": "USD",
            "grossProfit": "319000000",
            "totalRevenue": "1012000000",
            "costOfRevenue": "825000000",
            "costofGoodsAndServicesSold": "708000000",
            "operatingIncome": "-8000000",
            "sellingGeneralAndAdministrative": "117000000",
            "researchAndDevelopment": "243000000",
            "operatingExpenses": "360000000",
            "investmentIncomeNet": "None",
            "netInterestIncome": "-41000000",
            "interestIncome": "None",
            "interestExpense": "41000000",
            "nonInterestIncome": "0",
            "otherNonOperatingIncome": "150000000",
            "depreciation": "None",
            "depreciationAndAmortization": "33000000",
            "incomeBeforeTax": "98000000",
            "incomeTaxExpense": "29000000",
            "interestAndDebtExpense": "41000000",
            "netIncomeFromContinuingOperations": "69000000",
            "comprehensiveIncomeNetOfTax": "72000000",
            "ebit": "139000000",
            "ebitda": "25000000",
            "netIncome": "69000000"
        },
        {
            "fiscalDateEnding": "2016-03-31",
            "reportedCurrency": "USD",
            "grossProfit": "269000000",
            "totalRevenue": "799000000",
            "costOfRevenue": "668000000",
            "costofGoodsAndServicesSold": "563000000",
            "operatingIncome": "-68000000",
            "sellingGeneralAndAdministrative": "105000000",
            "researchAndDevelopment": "242000000",
            "operatingExpenses": "347000000",
            "investmentIncomeNet": "None",
            "netInterestIncome": "-40000000",
            "interestIncome": "None",
            "interestExpense": "40000000",
            "nonInterestIncome": "0",
            "otherNonOperatingIncome": "0",
            "depreciation": "None",
            "depreciationAndAmortization": "33000000",
            "incomeBeforeTax": "-108000000",
            "incomeTaxExpense": "1000000",
            "interestAndDebtExpense": "40000000",
            "netIncomeFromContinuingOperations": "-109000000",
            "comprehensiveIncomeNetOfTax": "-107000000",
            "ebit": "-68000000",
            "ebitda": "-35000000",
            "netIncome": "-109000000"
        },
        {
            "fiscalDateEnding": "2015-12-31",
            "reportedCurrency": "USD",
            "grossProfit": "283000000",
            "totalRevenue": "917000000",
            "costOfRevenue": "784000000",
            "costofGoodsAndServicesSold": "675000000",
            "operatingIncome": "-49000000",
            "sellingGeneralAndAdministrative": "109000000",
            "researchAndDevelopment": "229000000",
            "operatingExpenses": "338000000",
            "investmentIncomeNet": "None",
            "netInterestIncome": "119000000",
            "interestIncome": "160000000",
            "interestExpense": "41000000",
            "nonInterestIncome": "0",
            "otherNonOperatingIncome": "-2000000",
            "depreciation": "None",
            "depreciationAndAmortization": "34000000",
            "incomeBeforeTax": "-92000000",
            "incomeTaxExpense": "10000000",
            "interestAndDebtExpense": "41000000",
            "netIncomeFromContinuingOperations": "-102000000",
            "comprehensiveIncomeNetOfTax": "-95000000",
            "ebit": "-51000000",
            "ebitda": "-15000000",
            "netIncome": "-102000000"
        },
        {
            "fiscalDateEnding": "2015-09-30",
            "reportedCurrency": "USD",
            "grossProfit": "239000000",
            "totalRevenue": "1022000000",
            "costOfRevenue": "930000000",
            "costofGoodsAndServicesSold": "822000000",
            "operatingIncome": "-158000000",
            "sellingGeneralAndAdministrative": "108000000",
            "researchAndDevelopment": "241000000",
            "operatingExpenses": "349000000",
            "investmentIncomeNet": "None",
            "netInterestIncome": "-39000000",
            "interestIncome": "None",
            "interestExpense": "39000000",
            "nonInterestIncome": "0",
            "otherNonOperatingIncome": "0",
            "depreciation": "None",
            "depreciationAndAmortization": "42000000",
            "incomeBeforeTax": "-197000000",
            "incomeTaxExpense": "0",
            "interestAndDebtExpense": "39000000",
            "netIncomeFromContinuingOperations": "-197000000",
            "comprehensiveIncomeNetOfTax": "-207000000",
            "ebit": "-158000000",
            "ebitda": "-116000000",
            "netIncome": "-197000000"
        },
        {
            "fiscalDateEnding": "2015-06-30",
            "reportedCurrency": "USD",
            "grossProfit": "232000000",
            "totalRevenue": "902000000",
            "costOfRevenue": "844000000",
            "costofGoodsAndServicesSold": "710000000",
            "operatingIncome": "-137000000",
            "sellingGeneralAndAdministrative": "134000000",
            "researchAndDevelopment": "235000000",
            "operatingExpenses": "369000000",
            "investmentIncomeNet": "None",
            "netInterestIncome": "-40000000",
            "interestIncome": "None",
            "interestExpense": "40000000",
            "nonInterestIncome": "0",
            "otherNonOperatingIncome": "-3000000",
            "depreciation": "None",
            "depreciationAndAmortization": "45000000",
            "incomeBeforeTax": "-180000000",
            "incomeTaxExpense": "1000000",
            "interestAndDebtExpense": "40000000",
            "netIncomeFromContinuingOperations": "-181000000",
            "comprehensiveIncomeNetOfTax": "-174000000",
            "ebit": "-140000000",
            "ebitda": "-92000000",
            "netIncome": "-181000000"
        },
        {
            "fiscalDateEnding": "2015-03-31",
            "reportedCurrency": "USD",
            "grossProfit": "326000000",
            "totalRevenue": "990000000",
            "costOfRevenue": "881000000",
            "costofGoodsAndServicesSold": "704000000",
            "operatingIncome": "-137000000",
            "sellingGeneralAndAdministrative": "131000000",
            "researchAndDevelopment": "242000000",
            "operatingExpenses": "419000000",
            "investmentIncomeNet": "None",
            "netInterestIncome": "-40000000",
            "interestIncome": "None",
            "interestExpense": "40000000",
            "nonInterestIncome": "0",
            "otherNonOperatingIncome": "0",
            "depreciation": "None",
            "depreciationAndAmortization": "46000000",
            "incomeBeforeTax": "-177000000",
            "incomeTaxExpense": "3000000",
            "interestAndDebtExpense": "40000000",
            "netIncomeFromContinuingOperations": "-180000000",
            "comprehensiveIncomeNetOfTax": "-187000000",
            "ebit": "-137000000",
            "ebitda": "-91000000",
            "netIncome": "-180000000"
        },
        {
            "fiscalDateEnding": "2014-12-31",
            "reportedCurrency": "USD",
            "grossProfit": "360000000",
            "totalRevenue": "1198000000",
            "costOfRevenue": "1260000000",
            "costofGoodsAndServicesSold": "879000000",
            "operatingIncome": "-330000000",
            "sellingGeneralAndAdministrative": "144000000",
            "researchAndDevelopment": "238000000",
            "operatingExpenses": "619000000",
            "investmentIncomeNet": "1000000",
            "netInterestIncome": "136000000",
            "interestIncome": "177000000",
            "interestExpense": "41000000",
            "nonInterestIncome": "3000000",
            "otherNonOperatingIncome": "4000000",
            "depreciation": "None",
            "depreciationAndAmortization": "48000000",
            "incomeBeforeTax": "-367000000",
            "incomeTaxExpense": "-3000000",
            "interestAndDebtExpense": "41000000",
            "netIncomeFromContinuingOperations": "-364000000",
            "comprehensiveIncomeNetOfTax": "-368000000",
            "ebit": "-326000000",
            "ebitda": "-282000000",
            "netIncome": "-364000000"
        },
        {
            "fiscalDateEnding": "2014-09-30",
            "reportedCurrency": "USD",
            "grossProfit": "494000000",
            "totalRevenue": "1386000000",
            "costOfRevenue": "1088000000",
            "costofGoodsAndServicesSold": "935000000",
            "operatingIncome": "63000000",
            "sellingGeneralAndAdministrative": "150000000",
            "researchAndDevelopment": "278000000",
            "operatingExpenses": "431000000",
            "investmentIncomeNet": "1000000",
            "netInterestIncome": "-43000000",
            "interestIncome": "None",
            "interestExpense": "43000000",
            "nonInterestIncome": "0",
            "otherNonOperatingIncome": "-1000000",
            "depreciation": "None",
            "depreciationAndAmortization": "49000000",
            "incomeBeforeTax": "19000000",
            "incomeTaxExpense": "2000000",
            "interestAndDebtExpense": "43000000",
            "netIncomeFromContinuingOperations": "17000000",
            "comprehensiveIncomeNetOfTax": "15000000",
            "ebit": "62000000",
            "ebitda": "112000000",
            "netIncome": "17000000"
        },
        {
            "fiscalDateEnding": "2014-06-30",
            "reportedCurrency": "USD",
            "grossProfit": "498000000",
            "totalRevenue": "1395000000",
            "costOfRevenue": "1101000000",
            "costofGoodsAndServicesSold": "943000000",
            "operatingIncome": "63000000",
            "sellingGeneralAndAdministrative": "154000000",
            "researchAndDevelopment": "277000000",
            "operatingExpenses": "481000000",
            "investmentIncomeNet": "0",
            "netInterestIncome": "-46000000",
            "interestIncome": "None",
            "interestExpense": "46000000",
            "nonInterestIncome": "-79000000",
            "otherNonOperatingIncome": "-49000000",
            "depreciation": "None",
            "depreciationAndAmortization": "53000000",
            "incomeBeforeTax": "-32000000",
            "incomeTaxExpense": "4000000",
            "interestAndDebtExpense": "46000000",
            "netIncomeFromContinuingOperations": "-36000000",
            "comprehensiveIncomeNetOfTax": "-32000000",
            "ebit": "14000000",
            "ebitda": "116000000",
            "netIncome": "-36000000"
        },
        {
            "fiscalDateEnding": "2014-03-31",
            "reportedCurrency": "USD",
            "grossProfit": "487000000",
            "totalRevenue": "1365000000",
            "costOfRevenue": "1119000000",
            "costofGoodsAndServicesSold": "910000000",
            "operatingIncome": "49000000",
            "sellingGeneralAndAdministrative": "156000000",
            "researchAndDevelopment": "279000000",
            "operatingExpenses": "520000000",
            "investmentIncomeNet": "1000000",
            "netInterestIncome": "-47000000",
            "interestIncome": "None",
            "interestExpense": "47000000",
            "nonInterestIncome": "15000000",
            "otherNonOperatingIncome": "-20000000",
            "depreciation": "None",
            "depreciationAndAmortization": "53000000",
            "incomeBeforeTax": "-18000000",
            "incomeTaxExpense": "2000000",
            "interestAndDebtExpense": "32000000",
            "netIncomeFromContinuingOperations": "-20000000",
            "comprehensiveIncomeNetOfTax": "-21000000",
            "ebit": "29000000",
            "ebitda": "102000000",
            "netIncome": "-20000000"
        },
        {
            "fiscalDateEnding": "2013-12-31",
            "reportedCurrency": "USD",
            "grossProfit": "553000000",
            "totalRevenue": "1545000000",
            "costOfRevenue": "1209000000",
            "costofGoodsAndServicesSold": "1036000000",
            "operatingIncome": "135000000",
            "sellingGeneralAndAdministrative": "169000000",
            "researchAndDevelopment": "293000000",
            "operatingExpenses": "510000000",
            "investmentIncomeNet": "1000000",
            "netInterestIncome": "-44000000",
            "interestIncome": "None",
            "interestExpense": "44000000",
            "nonInterestIncome": "-62000000",
            "otherNonOperatingIncome": "-2000000",
            "depreciation": "None",
            "depreciationAndAmortization": "54000000",
            "incomeBeforeTax": "90000000",
            "incomeTaxExpense": "1000000",
            "interestAndDebtExpense": "44000000",
            "netIncomeFromContinuingOperations": "89000000",
            "comprehensiveIncomeNetOfTax": "89000000",
            "ebit": "134000000",
            "ebitda": "189000000",
            "netIncome": "89000000"
        },
        {
            "fiscalDateEnding": "2013-09-30",
            "reportedCurrency": "USD",
            "grossProfit": "521000000",
            "totalRevenue": "1414000000",
            "costOfRevenue": "1078000000",
            "costofGoodsAndServicesSold": "940000000",
            "operatingIncome": "95000000",
            "sellingGeneralAndAdministrative": "155000000",
            "researchAndDevelopment": "288000000",
            "operatingExpenses": "473000000",
            "investmentIncomeNet": "1000000",
            "netInterestIncome": "-47000000",
            "interestIncome": "None",
            "interestExpense": "47000000",
            "nonInterestIncome": "-17000000",
            "otherNonOperatingIncome": "2000000",
            "depreciation": "None",
            "depreciationAndAmortization": "57000000",
            "incomeBeforeTax": "51000000",
            "incomeTaxExpense": "3000000",
            "interestAndDebtExpense": "47000000",
            "netIncomeFromContinuingOperations": "48000000",
            "comprehensiveIncomeNetOfTax": "52000000",
            "ebit": "98000000",
            "ebitda": "152000000",
            "netIncome": "48000000"
        },
        {
            "fiscalDateEnding": "2013-06-30",
            "reportedCurrency": "USD",
            "grossProfit": "459000000",
            "totalRevenue": "1119000000",
            "costOfRevenue": "882000000",
            "costofGoodsAndServicesSold": "702000000",
            "operatingIncome": "-29000000",
            "sellingGeneralAndAdministrative": "171000000",
            "researchAndDevelopment": "308000000",
            "operatingExpenses": "530000000",
            "investmentIncomeNet": "2000000",
            "netInterestIncome": "-42000000",
            "interestIncome": "None",
            "interestExpense": "42000000",
            "nonInterestIncome": "-1000000",
            "otherNonOperatingIncome": "-2000000",
            "depreciation": "None",
            "depreciationAndAmortization": "59000000",
            "incomeBeforeTax": "-71000000",
            "incomeTaxExpense": "3000000",
            "interestAndDebtExpense": "42000000",
            "netIncomeFromContinuingOperations": "-74000000",
            "comprehensiveIncomeNetOfTax": "-76000000",
            "ebit": "-29000000",
            "ebitda": "30000000",
            "netIncome": "-74000000"
        },
        {
            "fiscalDateEnding": "2013-03-31",
            "reportedCurrency": "USD",
            "grossProfit": "445000000",
            "totalRevenue": "1092000000",
            "costOfRevenue": "935000000",
            "costofGoodsAndServicesSold": "643000000",
            "operatingIncome": "-98000000",
            "sellingGeneralAndAdministrative": "179000000",
            "researchAndDevelopment": "312000000",
            "operatingExpenses": "600000000",
            "investmentIncomeNet": "1000000",
            "netInterestIncome": "-44000000",
            "interestIncome": "None",
            "interestExpense": "44000000",
            "nonInterestIncome": "48000000",
            "otherNonOperatingIncome": "-3000000",
            "depreciation": "None",
            "depreciationAndAmortization": "66000000",
            "incomeBeforeTax": "-144000000",
            "incomeTaxExpense": "2000000",
            "interestAndDebtExpense": "44000000",
            "netIncomeFromContinuingOperations": "-146000000",
            "comprehensiveIncomeNetOfTax": "-147000000",
            "ebit": "-100000000",
            "ebitda": "-32000000",
            "netIncome": "-146000000"
        },
        {
            "fiscalDateEnding": "2012-12-31",
            "reportedCurrency": "USD",
            "grossProfit": "178000000",
            "totalRevenue": "1110000000",
            "costOfRevenue": "1260000000",
            "costofGoodsAndServicesSold": "977000000",
            "operatingIncome": "-422000000",
            "sellingGeneralAndAdministrative": "193000000",
            "researchAndDevelopment": "313000000",
            "operatingExpenses": "641000000",
            "investmentIncomeNet": "2000000",
            "netInterestIncome": "-45000000",
            "interestIncome": "None",
            "interestExpense": "45000000",
            "nonInterestIncome": "None",
            "otherNonOperatingIncome": "-4000000",
            "depreciation": "None",
            "depreciationAndAmortization": "66000000",
            "incomeBeforeTax": "-469000000",
            "incomeTaxExpense": "4000000",
            "interestAndDebtExpense": "45000000",
            "netIncomeFromContinuingOperations": "-473000000",
            "comprehensiveIncomeNetOfTax": "-475000000",
            "ebit": "-424000000",
            "ebitda": "-356000000",
            "netIncome": "-473000000"
        },
        {
            "fiscalDateEnding": "2012-09-30",
            "reportedCurrency": "USD",
            "grossProfit": "392000000",
            "totalRevenue": "1225000000",
            "costOfRevenue": "1068000000",
            "costofGoodsAndServicesSold": "877000000",
            "operatingIncome": "-131000000",
            "sellingGeneralAndAdministrative": "188000000",
            "researchAndDevelopment": "328000000",
            "operatingExpenses": "563000000",
            "investmentIncomeNet": "2000000",
            "netInterestIncome": "-44000000",
            "interestIncome": "None",
            "interestExpense": "44000000",
            "nonInterestIncome": "None",
            "otherNonOperatingIncome": "16000000",
            "depreciation": "None",
            "depreciationAndAmortization": "66000000",
            "incomeBeforeTax": "-157000000",
            "incomeTaxExpense": "0",
            "interestAndDebtExpense": "44000000",
            "netIncomeFromContinuingOperations": "-157000000",
            "comprehensiveIncomeNetOfTax": "-154000000",
            "ebit": "-113000000",
            "ebitda": "-65000000",
            "netIncome": "-157000000"
        },
        {
            "fiscalDateEnding": "2012-06-30",
            "reportedCurrency": "USD",
            "grossProfit": "638000000",
            "totalRevenue": "1370000000",
            "costOfRevenue": "987000000",
            "costofGoodsAndServicesSold": "775000000",
            "operatingIncome": "77000000",
            "sellingGeneralAndAdministrative": "212000000",
            "researchAndDevelopment": "345000000",
            "operatingExpenses": "600000000",
            "investmentIncomeNet": "2000000",
            "netInterestIncome": "-43000000",
            "interestIncome": "None",
            "interestExpense": "43000000",
            "nonInterestIncome": "None",
            "otherNonOperatingIncome": "-5000000",
            "depreciation": "None",
            "depreciationAndAmortization": "65000000",
            "incomeBeforeTax": "31000000",
            "incomeTaxExpense": "-6000000",
            "interestAndDebtExpense": "43000000",
            "netIncomeFromContinuingOperations": "37000000",
            "comprehensiveIncomeNetOfTax": "36000000",
            "ebit": "74000000",
            "ebitda": "139000000",
            "netIncome": "37000000"
        },
        {
            "fiscalDateEnding": "2012-03-31",
            "reportedCurrency": "USD",
            "grossProfit": "27000000",
            "totalRevenue": "1542000000",
            "costOfRevenue": "1859000000",
            "costofGoodsAndServicesSold": "1558000000",
            "operatingIncome": "-580000000",
            "sellingGeneralAndAdministrative": "230000000",
            "researchAndDevelopment": "368000000",
            "operatingExpenses": "712000000",
            "investmentIncomeNet": "2000000",
            "netInterestIncome": "-43000000",
            "interestIncome": "None",
            "interestExpense": "43000000",
            "nonInterestIncome": "None",
            "otherNonOperatingIncome": "-1000000",
            "depreciation": "None",
            "depreciationAndAmortization": "124000000",
            "incomeBeforeTax": "-622000000",
            "incomeTaxExpense": "-32000000",
            "interestAndDebtExpense": "43000000",
            "netIncomeFromContinuingOperations": "-590000000",
            "comprehensiveIncomeNetOfTax": "-588000000",
            "ebit": "-579000000",
            "ebitda": "-455000000",
            "netIncome": "-590000000"
        },
        {
            "fiscalDateEnding": "2011-12-31",
            "reportedCurrency": "USD",
            "grossProfit": "773000000",
            "totalRevenue": "1648000000",
            "costOfRevenue": "1259000000",
            "costofGoodsAndServicesSold": "918000000",
            "operatingIncome": "71000000",
            "sellingGeneralAndAdministrative": "243000000",
            "researchAndDevelopment": "358000000",
            "operatingExpenses": "742000000",
            "investmentIncomeNet": "2000000",
            "netInterestIncome": "-43000000",
            "interestIncome": "None",
            "interestExpense": "43000000",
            "nonInterestIncome": "None",
            "otherNonOperatingIncome": "-207000000",
            "depreciation": "None",
            "depreciationAndAmortization": "70000000",
            "incomeBeforeTax": "-181000000",
            "incomeTaxExpense": "-4000000",
            "interestAndDebtExpense": "43000000",
            "netIncomeFromContinuingOperations": "-173000000",
            "comprehensiveIncomeNetOfTax": "-174000000",
            "ebit": "-138000000",
            "ebitda": "-68000000",
            "netIncome": "-177000000"
        },
        {
            "fiscalDateEnding": "2011-09-30",
            "reportedCurrency": "USD",
            "grossProfit": "756000000",
            "totalRevenue": "1648000000",
            "costOfRevenue": "1183000000",
            "costofGoodsAndServicesSold": "934000000",
            "operatingIncome": "138000000",
            "sellingGeneralAndAdministrative": "249000000",
            "researchAndDevelopment": "361000000",
            "operatingExpenses": "652000000",
            "investmentIncomeNet": "3000000",
            "netInterestIncome": "-42000000",
            "interestIncome": "None",
            "interestExpense": "42000000",
            "nonInterestIncome": "None",
            "otherNonOperatingIncome": "-7000000",
            "depreciation": "None",
            "depreciationAndAmortization": "79000000",
            "incomeBeforeTax": "92000000",
            "incomeTaxExpense": "-5000000",
            "interestAndDebtExpense": "42000000",
            "netIncomeFromContinuingOperations": "97000000",
            "comprehensiveIncomeNetOfTax": "89000000",
            "ebit": "134000000",
            "ebitda": "213000000",
            "netIncome": "97000000"
        },
        {
            "fiscalDateEnding": "2011-06-30",
            "reportedCurrency": "USD",
            "grossProfit": "720000000",
            "totalRevenue": "1527000000",
            "costOfRevenue": "1093000000",
            "costofGoodsAndServicesSold": "854000000",
            "operatingIncome": "105000000",
            "sellingGeneralAndAdministrative": "239000000",
            "researchAndDevelopment": "367000000",
            "operatingExpenses": "653000000",
            "investmentIncomeNet": "2000000",
            "netInterestIncome": "-47000000",
            "interestIncome": "None",
            "interestExpense": "47000000",
            "nonInterestIncome": "None",
            "otherNonOperatingIncome": "4000000",
            "depreciation": "None",
            "depreciationAndAmortization": "80000000",
            "incomeBeforeTax": "64000000",
            "incomeTaxExpense": "3000000",
            "interestAndDebtExpense": "47000000",
            "netIncomeFromContinuingOperations": "61000000",
            "comprehensiveIncomeNetOfTax": "60000000",
            "ebit": "111000000",
            "ebitda": "191000000",
            "netIncome": "61000000"
        },
        {
            "fiscalDateEnding": "2011-03-31",
            "reportedCurrency": "USD",
            "grossProfit": "691000000",
            "totalRevenue": "1565000000",
            "costOfRevenue": "1183000000",
            "costofGoodsAndServicesSold": "922000000",
            "operatingIncome": "54000000",
            "sellingGeneralAndAdministrative": "261000000",
            "researchAndDevelopment": "367000000",
            "operatingExpenses": "676000000",
            "investmentIncomeNet": "3000000",
            "netInterestIncome": "-48000000",
            "interestIncome": "None",
            "interestExpense": "48000000",
            "nonInterestIncome": "None",
            "otherNonOperatingIncome": "11000000",
            "depreciation": "None",
            "depreciationAndAmortization": "88000000",
            "incomeBeforeTax": "512000000",
            "incomeTaxExpense": "2000000",
            "interestAndDebtExpense": "48000000",
            "netIncomeFromContinuingOperations": "510000000",
            "comprehensiveIncomeNetOfTax": "511000000",
            "ebit": "560000000",
            "ebitda": "142000000",
            "netIncome": "510000000"
        },
        {
            "fiscalDateEnding": "2010-12-31",
            "reportedCurrency": "USD",
            "grossProfit": "743000000",
            "totalRevenue": "1610000000",
            "costOfRevenue": "873000000",
            "costofGoodsAndServicesSold": "906000000",
            "operatingIncome": "413000000",
            "sellingGeneralAndAdministrative": "250000000",
            "researchAndDevelopment": "352000000",
            "operatingExpenses": "358000000",
            "investmentIncomeNet": "2000000",
            "netInterestIncome": "-39000000",
            "interestIncome": "None",
            "interestExpense": "39000000",
            "nonInterestIncome": "None",
            "otherNonOperatingIncome": "14000000",
            "depreciation": "None",
            "depreciationAndAmortization": "89000000",
            "incomeBeforeTax": "417000000",
            "incomeTaxExpense": "42000000",
            "interestAndDebtExpense": "39000000",
            "netIncomeFromContinuingOperations": "375000000",
            "comprehensiveIncomeNetOfTax": "364000000",
            "ebit": "413000000",
            "ebitda": "502000000",
            "netIncome": "375000000"
        },
        {
            "fiscalDateEnding": "2010-09-30",
            "reportedCurrency": "USD",
            "grossProfit": "739000000",
            "totalRevenue": "1562000000",
            "costOfRevenue": "1131000000",
            "costofGoodsAndServicesSold": "879000000",
            "operatingIncome": "128000000",
            "sellingGeneralAndAdministrative": "236000000",
            "researchAndDevelopment": "359000000",
            "operatingExpenses": "667000000",
            "investmentIncomeNet": "3000000",
            "netInterestIncome": "-56000000",
            "interestIncome": "None",
            "interestExpense": "56000000",
            "nonInterestIncome": "None",
            "otherNonOperatingIncome": "-6000000",
            "depreciation": "None",
            "depreciationAndAmortization": "95000000",
            "incomeBeforeTax": "-117000000",
            "incomeTaxExpense": "1000000",
            "interestAndDebtExpense": "56000000",
            "netIncomeFromContinuingOperations": "-118000000",
            "comprehensiveIncomeNetOfTax": "-113000000",
            "ebit": "128000000",
            "ebitda": "223000000",
            "netIncome": "-118000000"
        }
    ]
}